%مراجع خود را در این قسمت وارد کنید.
% دستوری برای کوچک کردن اندازه فونت‌ها 
%یک مثال را در زیر می‌بینید.
@article{bidabad2007classification,
  title={A classification of some Finsler connections and their applications},
  author={Bidabad, Behroz and Tayebi, Akbar},
  journal={arXiv preprint arXiv:0710.2816},
  year={2007}
}
@book{aa,
  title={هندسه‌ی منیفلد},
  author={دکتر بهروز بیدآباد},
  publisher={دانشگاه صنعتی امیرکبیر},
  year={1389},
 LANGUAGE ={Persian}
}

@article{najafi2008finsler,
  title={Finsler metrics of scalar flag curvature with special non-Riemannian curvature properties},
  author={Najafi, B and Shen, Z and Tayebi, A},
  journal={Geometriae Dedicata},
  volume={131},
  number={1},
  pages={87--97},
  year={2008},
  publisher={Springer}
}
@book{najafi,
  title={هندسه‌ی منیفلد},
  author={دکتر بهزاد نجفی},
  publisher={دانشگاه صنعتی امیرکبیر},
  year={1388},
 LANGUAGE ={Persian}
}
@book{zakeri,
  title={دستورالعمل و راهنمای نگارش پایان‌نامه},
  author={مهندس محمدرضا ذاکری},
  publisher={دانشگاه صنعتی امیرکبیر},
  year={1391},
 LANGUAGE ={Persian}
}
@inproceedings{obradovic2023decentralized,
  title={Decentralized Multi-Robot Formation Control Using Reinforcement Learning},
  author={Obradovi{\'c}, Juraj and Kri{\v{z}}man{\v{c}}i{\'c}, Marko and Bogdan, Stjepan},
  booktitle={2023 XXIX International Conference on Information, Communication and Automation Technologies (ICAT)},
  pages={1--7},
  year={2023},
  organization={IEEE}
}

@misc{wikipedia,
    title = {هوش مصنوعی},
    howpublished = "\url{https://fa.wikipedia.org/wiki/%D9%87%D9%88%D8%B4_%D9%85%D8%B5%D9%86%D9%88%D8%B9%DB%8C#%D8%AA%D8%A7%D8%B1%DB%8C%D8%AE%DA%86%D9%87}",
    LANGUAGE ={Persian}
}

@misc{chatgpt3.5,
    title = {\lr{Chat GPT3.5}},
    howpublished = "\url{https://huggingface.co/chat}"
}